@article{Sharma_2012,
   title={Wishbone Bus Architecture - A Survey and Comparison},
   volume={3},
   ISSN={0976-1527},
   url={http://dx.doi.org/10.5121/vlsic.2012.3210},
   DOI={10.5121/vlsic.2012.3210},
   number={2},
   journal={International Journal of VLSI Design \& Communication Systems},
   publisher={Academy and Industry Research Collaboration Center (AIRCC)},
   author={Sharma, Mohandeep},
   year={2012},
   month=apr, pages={107-124} 
}
@misc{opencores_wishbone,
  author       = "{OpenCores}",
  title        = "{WISHBONE SoC Interconnect Architecture for Portable IP Cores}",
  howpublished = "{\url{https://opencores.org/howto/wishbone}}",
  year         = {2024},
  note         = "{Accessed: 2024-11-27}"
}
